% Encoding: UTF-8

@book{mildren2013optical,
  title={Optical engineering of diamond},
  author={Mildren, Rich and Rabeau, James},
  year={2013},
  publisher={John Wiley \& Sons}
}

@article{schirhagl2014nitrogen,
  title={Nitrogen-vacancy centers in diamond: nanoscale sensors for physics and biology},
  author={Schirhagl, Romana and Chang, Kevin and Loretz, Michael and Degen, Christian L},
  journal={Annual review of physical chemistry},
  volume={65},
  pages={83--105},
  year={2014},
  publisher={Annual Reviews}
}

@article{wu2016diamond,
  title={Diamond quantum devices in biology},
  author={Wu, Yuzhou and Jelezko, Fedor and Plenio, Martin B and Weil, Tanja},
  journal={Angewandte Chemie International Edition},
  volume={55},
  number={23},
  pages={6586--6598},
  year={2016},
  publisher={Wiley Online Library}
}

@article{umezawa2012high,
  title={High temperature application of diamond power device},
  author={Umezawa, Hitoshi and Nagase, Masanori and Kato, Yukako and Shikata, Shin-ichi},
  journal={Diamond and related materials},
  volume={24},
  pages={201--205},
  year={2012},
  publisher={Elsevier}
}

@article{jayaraman1983diamond,
  title={Diamond anvil cell and high-pressure physical investigations},
  author={Jayaraman, Aiyasami},
  journal={Reviews of Modern Physics},
  volume={55},
  number={1},
  pages={65},
  year={1983},
  publisher={APS}
}

@article{lonvcar2013quantum,
  title={Quantum photonic networks in diamond},
  author={Lon{\v{c}}ar, Marko and Faraon, Andrei},
  journal={MRS bulletin},
  volume={38},
  number={2},
  pages={144--148},
  year={2013},
  publisher={Cambridge University Press}
}

@article{breeding2009type,
  title={The “type” classification system of diamonds and its importance in gemology},
  author={Breeding, Christopher M and Shigley, James E},
  journal={Gems Gemol},
  volume={45},
  number={2},
  pages={96--111},
  year={2009}
}

@article{sumiya1997crystalline,
  title={Crystalline perfection of high purity synthetic diamond crystal},
  author={Sumiya, H and Toda, N and Nishibayashi, Y and Satoh, S},
  journal={Journal of crystal growth},
  volume={178},
  number={4},
  pages={485--494},
  year={1997},
  publisher={Elsevier}
}

@article{spitsyn1981vapor,
  title={Vapor growth of diamond on diamond and other surfaces},
  author={Spitsyn, 1\_BV and Bouilov, LL and Derjaguin, BV},
  journal={Journal of Crystal Growth},
  volume={52},
  pages={219--226},
  year={1981},
  publisher={Elsevier}
}

@article{gracio2010diamond,
  title={Diamond growth by chemical vapour deposition},
  author={Gracio, JJ and Fan, QH and Madaleno, JC},
  journal={Journal of Physics D: Applied Physics},
  volume={43},
  number={37},
  pages={374017},
  year={2010},
  publisher={IOP Publishing}
}

@article{dossa2023analysis,
  title={Analysis of the High-Pressure High-Temperature (HPHT) growth of single crystal diamond},
  author={Dossa, Scott S and Ponomarev, Ilya and Feigelson, Boris N and Hainke, Marc and Kranert, Christian and Friedrich, Jochen and Derby, Jeffrey J},
  journal={Journal of Crystal Growth},
  volume={609},
  pages={127150},
  year={2023},
  publisher={Elsevier}
}

@article{isberg2002high,
  title={High carrier mobility in single-crystal plasma-deposited diamond},
  author={Isberg, Jan and Hammersberg, Johan and Johansson, Erik and Wikström, Tobias and Twitchen, Daniel J and Whitehead, Andrew J and Coe, Steven E and Scarsbrook, Geoffrey A},
  journal={Science},
  volume={297},
  number={5587},
  pages={1670--1672},
  year={2002},
  publisher={American Association for the Advancement of Science}
}

@book{koizumi2008physics,
  title={Physics and applications of CVD diamond},
  author={Koizumi, Satoshi and Nebel, Christoph and Nesladek, Milos},
  year={2008},
  publisher={John Wiley \& Sons}
}

@article{jahnke2012long,
  title={Long coherence time of spin qubits in 12C enriched polycrystalline chemical vapor deposition diamond},
  author={Jahnke, KD and Naydenov, B and Teraji, T and Koizumi, S and Umeda, T and Isoya, J and Jelezko, Fedor},
  journal={Applied physics letters},
  volume={101},
  number={1},
  year={2012},
  publisher={AIP Publishing}
}

@article{gicquel2001cvd,
  title={CVD diamond films: from growth to applications},
  author={Gicquel, Alix and Hassouni, Khaled and Silva, Francois and Achard, Jocelyn},
  journal={Current Applied Physics},
  volume={1},
  number={6},
  pages={479--496},
  year={2001},
  publisher={Elsevier}
}

@article{nemanich2014cvd,
  title={CVD diamond—Research, applications, and challenges},
  author={Nemanich, Robert J and Carlisle, John A and Hirata, Atsushi and Haenen, Ken},
  journal={Mrs Bulletin},
  volume={39},
  number={6},
  pages={490--494},
  year={2014},
  publisher={Cambridge University Press}
}

@article{robins1990line,
  title={Line shape analysis of the Raman spectrum of diamond films grown by hot-filament and microwave-plasma chemical vapor deposition},
  author={Robins, Lawrence H and Farabaugh, Edward N and Feldman, Albert},
  journal={Journal of Materials Research},
  volume={5},
  number={11},
  pages={2456--2468},
  year={1990},
  publisher={Cambridge University Press}
}

@article{denisenko2010surface,
  title={Surface damages in diamond by Ar/O2 plasma and their effect on the electrical and electrochemical characteristics of boron-doped layers},
  author={Denisenko, A and Romanyuk, Andriy and Pietzka, Carsten and Scharpf, Jochen and Kohn, Erhard},
  journal={Journal of Applied Physics},
  volume={108},
  number={7},
  year={2010},
  publisher={AIP Publishing}
}

@manual{CN113096749B, author = {李辉，刘胜，申胜男，邹迪玮，沈威}, title = {n型共掺杂金刚石半导体材料制备的多尺度耦合仿真方法}, edition = {ZL202110646664.5}, year = {2021} }

@article{jelezko2006single,
  title={Single defect centres in diamond: A review},
  author={Jelezko, Fedor and Wrachtrup, J{\"o}rg},
  journal={physica status solidi (a)},
  volume={203},
  number={13},
  pages={3207--3225},
  year={2006},
  publisher={Wiley Online Library}
}

@article{nebel2003electronic,
  title={Electronic properties of CVD diamond},
  author={Nebel, Ch E},
  journal={Semiconductor Science and Technology},
  volume={18},
  number={3},
  pages={S1},
  year={2003},
  publisher={IOP Publishing}
}

@article{waldermann2007creating,
  title={Creating diamond color centers for quantum optical applications},
  author={Waldermann, FC and Olivero, Paolo and Nunn, J and Surmacz, K and Wang, ZY and Jaksch, D and Taylor, RA and Walmsley, IA and Draganski, Martin and Reichart, Patrick and others},
  journal={Diamond and Related Materials},
  volume={16},
  number={11},
  pages={1887--1895},
  year={2007},
  publisher={Elsevier}
}

@article{kiflawi2007electron,
  title={Electron irradiation and the formation of vacancy--interstitial pairs in diamond},
  author={Kiflawi, I and Collins, AT and Iakoubovskii, K and Fisher, D},
  journal={Journal of Physics: Condensed Matter},
  volume={19},
  number={4},
  pages={046216},
  year={2007},
  publisher={IOP Publishing}
}

@article{cheng2023bandgap,
  title={Bandgap evolution of diamond},
  author={Cheng, Lu and Zhu, Siqi and Ouyang, Xiaoping and Zheng, Wei},
  journal={Diamond and Related Materials},
  volume={132},
  pages={109638},
  year={2023},
  publisher={Elsevier}
}

@article{wort2008diamond,
  title={Diamond as an electronic material},
  author={Wort, Chris JH and Balmer, Richard S},
  journal={Materials today},
  volume={11},
  number={1-2},
  pages={22--28},
  year={2008},
  publisher={Elsevier}
}

@article{breeding2020naturally,
  title={NATURALLY COLORED YELLOW AND ORANGE GEM DIAMONDS: THE NITROGEN FACTOR.},
  author={Breeding, Christopher M and Eaton-Maga{\~n}a, Sally and Shigley, James E},
  journal={Gems \& Gemology},
  volume={56},
  number={2},
  year={2020}
}

@article{zaitsev2016spectroscopic,
  title={Spectroscopic studies of yellow nitrogen-doped CVD diamonds},
  author={Zaitsev, AM and Wang, W and Moe, KS and Johnson, P},
  journal={Diamond and Related Materials},
  volume={68},
  pages={51--61},
  year={2016},
  publisher={Elsevier}
}

@article{gali2011time,
  title={Time-dependent density functional study on the excitation spectrum of point defects in semiconductors},
  author={Gali, Adam},
  journal={physica status solidi (b)},
  volume={248},
  number={6},
  pages={1337--1346},
  year={2011},
  publisher={Wiley Online Library}
}

@article{gali2012excitation,
  title={Excitation spectrum of point defects in semiconductors studied by time-dependent density functional theory},
  author={Gali, Adam},
  journal={Journal of Materials Research},
  volume={27},
  number={6},
  pages={897--909},
  year={2012},
  publisher={Cambridge University Press}
}

@article{doherty2013nitrogen,
  title={The nitrogen-vacancy colour centre in diamond},
  author={Doherty, Marcus W and Manson, Neil B and Delaney, Paul and Jelezko, Fedor and Wrachtrup, J{\"o}rg and Hollenberg, Lloyd CL},
  journal={Physics Reports},
  volume={528},
  number={1},
  pages={1--45},
  year={2013},
  publisher={Elsevier}
}