@article{schreyvogel2016active,
  title={Active and fast charge-state switching of single NV centres in diamond by in-plane Al-Schottky junctions},
  author={Schreyvogel, Christoph and Polyakov, Vladimir and Burk, Sina and Fedder, Helmut and Denisenko, Andrej and de Oliveira, Felipe F{\'a}varo and Wunderlich, Ralf and Meijer, Jan and Zuerbig, Verena and Wrachtrup, J{\"o}rg and others},
  journal={Beilstein Journal of nanotechnology},
  volume={7},
  number={1},
  pages={1727--1735},
  year={2016},
  publisher={Beilstein-Institut}
}

@article{zou2023influence,
  title={Influence of phosphorus donor on the NV center: A first-principles study},
  author={Zou, Diwei and Shen, Shengnan and Li, Lijie and Wang, Qijun and Liang, Kang and Chen, Liwei and Wu, Gai and Shen, Wei},
  journal={Physica B: Condensed Matter},
  pages={415614},
  year={2023},
  publisher={Elsevier}
}

@article{de2015resolving,
  title={Resolving the ambiguity in the relation between Stokes shift and Huang--Rhys parameter},
  author={de Jong, Mathijs and Seijo, Luis and Meijerink, Andries and Rabouw, Freddy T},
  journal={Physical Chemistry Chemical Physics},
  volume={17},
  number={26},
  pages={16959--16969},
  year={2015},
  publisher={Royal Society of Chemistry}
}